<?xml version="1.0" encoding="UTF-8"?><collection xmlns="http://www.loc.gov/MARC21/slim"><record><leader>00651nam--2200205-i-4500</leader><controlfield tag="001">000013278</controlfield><controlfield tag="002">20161230</controlfield><controlfield tag="005">20161230201030</controlfield><controlfield tag="008">060222s1000------------r-----000-0-rus-d</controlfield><datafield ind1=" " ind2=" " tag="040"><subfield code="a">IFIN-HH</subfield></datafield><datafield ind1=" " ind2=" " tag="041"><subfield code="a">rus</subfield></datafield><datafield ind1=" " ind2=" " tag="080"><subfield code="a">537.226:621.315.61=0.82=20</subfield></datafield><datafield ind1="1" ind2=" " tag="100"><subfield code="a">Bogoroditski, N.P</subfield></datafield><datafield ind1="1" ind2="0" tag="245"><subfield code="a">Electrical engineering materials</subfield><subfield code="b">Translated from the russian by p.s. ivanov</subfield><subfield code="c">N.p. bogoroditski; v.v. pasynkov; b.m. tareev</subfield></datafield><datafield ind1=" " ind2=" " tag="260"><subfield code="a">Moscow</subfield><subfield code="b">Mir Publishers</subfield><subfield code="c">1977</subfield></datafield><datafield ind1=" " ind2=" " tag="300"><subfield code="a">360 P</subfield></datafield><datafield ind1=" " ind2=" " tag="500"><subfield code="a">Titlul Original In Limba Rusa: Elektrotekhniceskie Materiali</subfield></datafield><datafield ind1="1" ind2=" " tag="700"><subfield code="a">Tareev, B.M</subfield></datafield><datafield ind1=" " ind2=" " tag="852"><subfield code="a">48031</subfield><subfield code="c">537.226</subfield></datafield><datafield ind1=" " ind2=" " tag="CAT"><subfield code="a">Sys</subfield><subfield code="c">20110706</subfield><subfield code="h">163059</subfield></datafield></record></collection>